<?xml version="1.0" encoding="UTF-8"?>
<collection xmlns:xsi="http://www.w3.org/2001/XMLSchema-instance" xsi:schemaLocation="http://www.loc.gov/MARC21/slim http://www.loc.gov/standards/marcxml/schema/MARC21slim.xsd" xmlns="http://www.loc.gov/MARC21/slim">
<record>
  <leader>01091cam a22002171  4500</leader>
  <controlfield tag="001">3121130</controlfield>
  <controlfield tag="003">NNC</controlfield>
  <controlfield tag="005">20150920222927.0</controlfield>
  <controlfield tag="008">011023s1938    ua            000 0 ara d</controlfield>
  <datafield tag="035" ind1=" " ind2=" ">
    <subfield code="a">(OCoLC)ocm48193286</subfield>
  </datafield>
  <datafield tag="035" ind1=" " ind2=" ">
    <subfield code="9">ATV3330CU</subfield>
  </datafield>
  <datafield tag="035" ind1=" " ind2=" ">
    <subfield code="a">(NNC)3121130</subfield>
  </datafield>
  <datafield tag="040" ind1=" " ind2=" ">
    <subfield code="a">ZCU</subfield>
    <subfield code="c">ZCU</subfield>
  </datafield>
  <datafield tag="099" ind1=" " ind2=" ">
    <subfield code="a">893.7K84</subfield>
    <subfield code="a">DA7</subfield>
  </datafield>
  <datafield tag="100" ind1="1" ind2=" ">
    <subfield code="a">Khāzin al-Baghdādī, ʻAlī ibn Muḥammad,</subfield>
    <subfield code="d">1279 or 1280-1341.</subfield>
  </datafield>
  <datafield tag="245" ind1="1" ind2="0">
    <subfield code="a">Tafsīr al-Khāzin,</subfield>
    <subfield code="b">almusammā Lubab al-taʾwīl fī maʻānī al-tanzīl,</subfield>
    <subfield code="c">taʾlīf ʻAlāʾ-al-Dīn ʻAlī ibn Muḥammad ibn Ibrāhīm al-Baghdādī al-Ṣūfī al-maʻrūf bi al-Khāzin (faragha min taʾlīfihī sanata 725 h.) Wa-qad ḥulliya hāmish hādhā al-kitāb bi- al-tafsīr al-musammā bi Maʻālim al-tanzīl, taʾlīf Abī Muḥammad al-Ḥusayin al-Farrāʾ al-Baghawī (al-mutawaffā sanata 516)</subfield>
  </datafield>
  <datafield tag="260" ind1=" " ind2=" ">
    <subfield code="a">Miṣr,</subfield>
    <subfield code="b">Maktabat Muṣṭafā Muḥammad</subfield>
    <subfield code="c">[1357 h., 1938 m.]</subfield>
  </datafield>
  <datafield tag="300" ind1=" " ind2=" ">
    <subfield code="a">7 v.</subfield>
  </datafield>
  <datafield tag="630" ind1="0" ind2="0">
    <subfield code="a">Qurʼan</subfield>
    <subfield code="v">Commentaries</subfield>
    <subfield code="v">Early works to 1800.</subfield>
  </datafield>
  <datafield tag="630" ind1="0" ind2="0">
    <subfield code="a">Qurʼan</subfield>
    <subfield code="x">Hermeneutics</subfield>
    <subfield code="v">Early works to 1800.</subfield>
  </datafield>
  <datafield tag="955" ind1=" " ind2=" ">
    <subfield code="b">0026814854</subfield>
    <subfield code="d">glx</subfield>
    <subfield code="e">893.7K84 DA7</subfield>
    <subfield code="v">v.2</subfield>
  </datafield>
</record>
</collection>